@article{ToVe:hag1,
    shorthand = {HAGI},
    author = {Bertrand Toën AND Gabriele Vezzosi},
    title = {Homotopical Algebraic Geometry 1: Topos Theory},
    year={2002},
    eprint = {math/0207028},
    archivePrefix = {arXiv},
    primaryClass = {math.AG},
}

@article{ToVe:hag2,
    shorthand = {HAGII},
    author = {Bertrand Toën AND Gabriele Vezzosi},
    title = {Homotopical Algebraic Geometry 2: geometric stacks and applications},
    year={2004},
    eprint = {math/0404373v7},
    archivePrefix = {arXiv},
    primaryClass = {math.AG},
}

@misc{Vist:desc,
  author          = {Angelo Vistoli},
  title           = {Notes on Grothendieck topologies, fibered categories and descent theory},
  year            = {2008},
  url = {http://homepage.sns.it/vistoli/descent.pdf},
}

@misc{Toen:simpl,
  author          = {Bertran Toën},
  title           = {Simplicial presheaves and derived algebraic geometry},
  year            = {2009},
  url = {https://perso.math.univ-toulouse.fr/btoen/files/2012/04/crm-2008.pdf},
}

@article{DHI:hypercover,
  author = {{Dugger}, D. and {Hollander}, S. and {Isaksen}, D. C.},
  title = {Hypercovers and simplicial presheaves},
  year = {2003},
  eprint = {math/0205027},
  archivePrefix = {arXiv},
  primaryClass = {math.AT},
}

@article{Blander:model,
  author = {Blander, Benjamin},
  year = {2001},
  title = {Local Projective Model Structures on Simplicial Presheaves},
  volume = {24},
  journal = {K-Theory},
  doi = {10.1023/A:1013302313123},
}

@article{GoHo:homology,
  author = {Goerss, Paul and Hopkins, Michael},
  year = {2000},
  title = {André-Quillen (Co-)homology for Simplicial Algebras over Simplicial Operads},
  volume = {265},
  isbn = {9780821820780},
  journal = {Contemp. Math.},
  doi = {10.1090/conm/265/04243},
}

@inproceedings{Quil:homology,
  title={On the (co)homology of commutative rings},
  author={D. Quillen},
  year={1970},
}

@article{Lur:htt,
  shorthand = {HTT},
  author = {Lurie, Jacob},
  year = {2008},
  title = {Higher Topos Theory},
  eprint = {math/0608040},
  archivePrefix = {arXiv},
  primaryClass = {math.CT},
  
}

@article{wang:moduli,
      title={The moduli stack of $G$-bundles}, 
      author={Jonathan Wang},
      year={2011},
      eprint={1104.4828},
      archivePrefix={arXiv},
      primaryClass={math.AG},
}


@article{dwykan:simpl_loc,
  title = {Simplicial Localization of Categories},
  author = {Dwyer, W.G. and Kan, D. M.},
  year = {1979},
  journal = {Journal of Pure and Applied Algebra 17},
  publisher = {North-Holland Publishing Company},
}

@unpublished{Hennion:memoire,
    title={Champs algébriques},
    author = {Benjamin Hennion},
    year = {2011},
    note = {unpublished},
}

@book{EGA1,
    shorthand = {EGAI},
    author = {Grothendieck, Alexander and Dieudonn{\'e}, Jean},
    title = {{\'E}l{\'e}ments de g{\'e}om{\'e}trie alg{\'e}brique {I}},
    publisher = {Institute des {H}autes {\'E}tudes {S}cientifiques},
    year = {1960},
    series = {Publications {M}ath{\'e}matiques de l'IH\'ES},
    volume = {4},
}

@book{EGA1-second,
    shorthand={EGAG0},
    author = {Grothendieck, Alexander and Dieudonn{\'e}, Jean},
    title = {{\'E}l{\'e}ments de g{\'e}om{\'e}trie alg{\'e}brique {I}},
    publisher = {Springer-Verlag},
    year = {1971},
    series = {Grundlehren der Mathematischen Wissenschaften},
    volume = {166},
}


@book{EGA2,
     shorthand = {EGAII},
     author = {Grothendieck, Alexander},
     title = {\'El\'ements de g\'eom\'etrie alg\'ebrique : II. \'Etude globale \'el\'ementaire de quelques classes de morphismes},
     series = {Publications Math\'ematiques de l'IH\'ES},
     publisher = {Institut des Hautes \'Etudes Scientifiques},
     volume = {8},
     year = {1961},
}

@book{EGA3,
    shorthand = {EGAIII},
    author = {Grothendieck, Alexander and Dieudonn{\'e}, Jean},
    title = {{\'E}l{\'e}ments de g{\'e}om{\'e}trie alg{\'e}brique {III}},
    publisher = {Institute des {H}autes {\'E}tudes {S}cientifiques},
    year = {1961--1963},
    series = {Publications {M}ath{\'e}matiques de l'IH\'ES},
    volume = {11, 17},
}

@book{EGA4,
    shorthand = {EGAIV},
    author = {Grothendieck, Alexander and Dieudonn{\'e}, Jean},
    title = {{\'E}l{\'e}ments de g{\'e}om{\'e}trie alg{\'e}brique {IV}},
    publisher = {Institute des {H}autes {\'E}tudes {S}cientifiques},
    year = {1964-1967},
    series = {Publications {M}ath{\'e}matiques de l'IH\'ES},
    volume = {20, 24, 28, 32},
}

@misc{stacks-project,
    shorthand    = {Stacks},
    author       = {The {Stacks Project Authors}},
    title        = {\textit{Stacks Project}},
    howpublished = {\url{https://stacks.math.columbia.edu}},
    year         = {2018},
}

@book{Hart,
    author = {Hartshorne, Robin},
    title = {Algebraic Geometry},
    publisher = {Springer-Verlag},
    year = {1977},
    volume = {52},
    series = {Graduate Texts in Mathematics},
}

@book{SGA1,
    shorthand = {SGAI},
    author = {Grothendieck, Alexander},
    title = {Rev\^etements \'etales et groupe fondamental (SGA 1)},
    publisher = {Springer-Verlag},
    year = {1971},
    series = {Lecture notes in mathematics},
    volume = {224},
}

@book{dg70,
  author = {Demazure, Michel and Gabriel, Pierre},
  title = {Groupes alg\'ebriques. Tome 1: G\'eom\'etrie alg\'ebrique, g\'en\'eralit\'es, groupes commutatifs},
  publisher = {Masson \& Cie, \'Editeur},
  year = {1970},
}

@book{lmb00,
    author = {Laumon, G{\'e}rard and Moret-Bailly, Laurent},
    title = {Champs alg{\'e}briques},
    publisher = {Springer-Verlag},
    year = {2000},
    volume = {39},
    series = {Ergebnisse der Mathematik und ihrer Grenzgebiete. 3. Folge.},
}

@article{ak80,
    title = {Compactifying the Picard scheme},
    journal = {Advances in Mathematics},
    volume = {35},
    number = {1},
    pages = {50-112},
    year = {1980},
    issn = {0001-8708},
    doi = {https://doi.org/10.1016/0001-8708(80)90043-2},
    author = {Allen B Altman and Steven L Kleiman},
}

@book{Fant,
  title={Grothendieck's FGA Explained},
  author={ Fantechi, Barbara and Gottsche, Lothar and lllusie, Luc and Kleiman, Steven L. and Nitsure, Nitin and Vistoli, Angelo},
  year={2013},
  publisher = {American Mathematical Society},
  series = {Mathematical Surveys and Monographs},
  volume = {123},
}

@book{Matsu,
    author = {Matsumura, Hideyuki},
    title = {Commutative Algebra},
    publisher = {W. A. Benjamin, Inc.},
    year = {1970},
}

@book{GoeJar:simpl_hom,
  title = {Simplicial Homotopy Theory},
  author = {Paul G. Goerss and John F. Jardine},
  publisher = {Birkh\"{a}user Basel},
  doi = {https://doi.org/10.1007/978-3-0346-0189-4},
  year = {1999},
}

@misc{Ak:scr,
  shorthand = {SCR},
  title = {Simplicial Commutative Rings I},
  author = {Akhil Mathew},
  url = {https://math.uchicago.edu/~amathew/SCR.pdf},
}

@book{Fr:module_operads,
  title={Modules over Operads and Functors},
  author = {Benoit Fresse},
  year = {2009},
  publisher      = {Springer-Verlag},
  doi            = {10.1007/978-3-540-89056-0},
  isbn           = {    978-3-540-89055-3},
  series         = {Lecture Notes in Mathematics},
}

@book{Wei:hom_algebra,
  author         = {Charles Weibel},
  title          = {An Introduction to Homological Algebra},
  publisher      = {Cambridge University Press},
  year           = {1994},
}

@book{Hov:model,
  author = {Mark Hovey},
  title = {Model Categories},
  year = {1999},
  publisher = {American Mathematical Society},
  series         = {Mathematical Surveys and Monographs},
  volume         = {63},
  isbn           = {978-0-8218-4361-1},
  doi = {10.1090/surv/063},
}

@book{Hirs:loc,
  title={Model categories and their localizations},
  author={Philip S. Hirschhorn},
  year={2003},
}

@misc{Vez:seminar,
  title = {Autour de la Géométrie Algébrique Dérivée},
  author = {Gabriele Vezzosi},
  year = {2013},
  url = {https://www.dma.unifi.it/~vezzosi/seminar/notes.pdf},

}

@article{Hov:spectra,
  author = {Hovey, Mark},
  title = {Spectra and symmetric spectra in general model categories},
  year = {2001},
  eprint={0004051},
  archivePrefix={arXiv},
  primaryClass={math.AT},
}